%YAML 1.1
%TAG !u! tag:unity3d.com,2011:
--- !u!1 &1908773355284627874
GameObject:
  m_ObjectHideFlags: 0
  m_CorrespondingSourceObject: {fileID: 0}
  m_PrefabInstance: {fileID: 0}
  m_PrefabAsset: {fileID: 0}
  serializedVersion: 6
  m_Component:
  - component: {fileID: 1291307251606481723}
  m_Layer: 10
  m_Name: SpawnPoint
  m_TagString: Untagged
  m_Icon: {fileID: 0}
  m_NavMeshLayer: 0
  m_StaticEditorFlags: 0
  m_IsActive: 1
--- !u!4 &1291307251606481723
Transform:
  m_ObjectHideFlags: 0
  m_CorrespondingSourceObject: {fileID: 0}
  m_PrefabInstance: {fileID: 0}
  m_PrefabAsset: {fileID: 0}
  m_GameObject: {fileID: 1908773355284627874}
  m_LocalRotation: {x: 0, y: 0, z: 0, w: 1}
  m_LocalPosition: {x: 0, y: 0.468, z: 0}
  m_LocalScale: {x: 1, y: 1, z: 1}
  m_Children:
  - {fileID: 1561649842562958335}
  - {fileID: 7568689785980684519}
  - {fileID: 7038918588410440011}
  - {fileID: 5875172243524544012}
  m_Father: {fileID: 7819370521239649700}
  m_RootOrder: 1
  m_LocalEulerAnglesHint: {x: 0, y: 0, z: 0}
--- !u!1 &5743429562270628715
GameObject:
  m_ObjectHideFlags: 0
  m_CorrespondingSourceObject: {fileID: 0}
  m_PrefabInstance: {fileID: 0}
  m_PrefabAsset: {fileID: 0}
  serializedVersion: 6
  m_Component:
  - component: {fileID: 7038918588410440011}
  m_Layer: 10
  m_Name: LittleSpiderSpawnPoint (2)
  m_TagString: Untagged
  m_Icon: {fileID: 0}
  m_NavMeshLayer: 0
  m_StaticEditorFlags: 0
  m_IsActive: 1
--- !u!4 &7038918588410440011
Transform:
  m_ObjectHideFlags: 0
  m_CorrespondingSourceObject: {fileID: 0}
  m_PrefabInstance: {fileID: 0}
  m_PrefabAsset: {fileID: 0}
  m_GameObject: {fileID: 5743429562270628715}
  m_LocalRotation: {x: -0, y: -0, z: -0, w: 1}
  m_LocalPosition: {x: 0, y: 0, z: -0.75699997}
  m_LocalScale: {x: 1, y: 1, z: 1}
  m_Children: []
  m_Father: {fileID: 1291307251606481723}
  m_RootOrder: 2
  m_LocalEulerAnglesHint: {x: 0, y: 0, z: 0}
--- !u!1 &6403392398072878746
GameObject:
  m_ObjectHideFlags: 0
  m_CorrespondingSourceObject: {fileID: 0}
  m_PrefabInstance: {fileID: 0}
  m_PrefabAsset: {fileID: 0}
  serializedVersion: 6
  m_Component:
  - component: {fileID: 7568689785980684519}
  m_Layer: 10
  m_Name: LittleSpiderSpawnPoint (1)
  m_TagString: Untagged
  m_Icon: {fileID: 0}
  m_NavMeshLayer: 0
  m_StaticEditorFlags: 0
  m_IsActive: 1
--- !u!4 &7568689785980684519
Transform:
  m_ObjectHideFlags: 0
  m_CorrespondingSourceObject: {fileID: 0}
  m_PrefabInstance: {fileID: 0}
  m_PrefabAsset: {fileID: 0}
  m_GameObject: {fileID: 6403392398072878746}
  m_LocalRotation: {x: -0, y: -0, z: -0, w: 1}
  m_LocalPosition: {x: -1.3599997, y: 0, z: 0}
  m_LocalScale: {x: 1, y: 1, z: 1}
  m_Children: []
  m_Father: {fileID: 1291307251606481723}
  m_RootOrder: 1
  m_LocalEulerAnglesHint: {x: 0, y: 0, z: 0}
--- !u!1 &8651286857805074420
GameObject:
  m_ObjectHideFlags: 0
  m_CorrespondingSourceObject: {fileID: 0}
  m_PrefabInstance: {fileID: 0}
  m_PrefabAsset: {fileID: 0}
  serializedVersion: 6
  m_Component:
  - component: {fileID: 7819370521239649700}
  - component: {fileID: 6621845006651222834}
  - component: {fileID: 1573565154299809813}
  - component: {fileID: 6864897792895405762}
  m_Layer: 10
  m_Name: Spider
  m_TagString: Untagged
  m_Icon: {fileID: 0}
  m_NavMeshLayer: 0
  m_StaticEditorFlags: 0
  m_IsActive: 1
--- !u!4 &7819370521239649700
Transform:
  m_ObjectHideFlags: 0
  m_CorrespondingSourceObject: {fileID: 0}
  m_PrefabInstance: {fileID: 0}
  m_PrefabAsset: {fileID: 0}
  m_GameObject: {fileID: 8651286857805074420}
  m_LocalRotation: {x: 0, y: 0, z: 0, w: 1}
  m_LocalPosition: {x: 17.052198, y: 4.131285, z: -6.5204034}
  m_LocalScale: {x: 1, y: 1, z: 1}
  m_Children:
  - {fileID: 6347329385570577946}
  - {fileID: 1291307251606481723}
  m_Father: {fileID: 0}
  m_RootOrder: 0
  m_LocalEulerAnglesHint: {x: 0, y: 0, z: 0}
--- !u!195 &6621845006651222834
NavMeshAgent:
  m_ObjectHideFlags: 0
  m_CorrespondingSourceObject: {fileID: 0}
  m_PrefabInstance: {fileID: 0}
  m_PrefabAsset: {fileID: 0}
  m_GameObject: {fileID: 8651286857805074420}
  m_Enabled: 1
  m_AgentTypeID: 0
  m_Radius: 0.5
  m_Speed: 1
  m_Acceleration: 8
  avoidancePriority: 50
  m_AngularSpeed: 120
  m_StoppingDistance: 0
  m_AutoTraverseOffMeshLink: 1
  m_AutoBraking: 1
  m_AutoRepath: 1
  m_Height: 1.14
  m_BaseOffset: 0
  m_WalkableMask: 4294967295
  m_ObstacleAvoidanceType: 4
--- !u!114 &1573565154299809813
MonoBehaviour:
  m_ObjectHideFlags: 0
  m_CorrespondingSourceObject: {fileID: 0}
  m_PrefabInstance: {fileID: 0}
  m_PrefabAsset: {fileID: 0}
  m_GameObject: {fileID: 8651286857805074420}
  m_Enabled: 1
  m_EditorHideFlags: 0
  m_Script: {fileID: 11500000, guid: 318eddb8cf5680945922e5a01d0ffc93, type: 3}
  m_Name: 
  m_EditorClassIdentifier: 
  agent: {fileID: 6621845006651222834}
  animator: {fileID: 6434829432342998560}
  hp: 1000
  collider: {fileID: 6864897792895405762}
  damage: 20
  target: {fileID: 0}
  numberOfLittleSpider: 4
  spawnSpiderPoints:
  - {fileID: 1561649842562958335}
  - {fileID: 7568689785980684519}
  - {fileID: 7038918588410440011}
  - {fileID: 5875172243524544012}
  littleSpider: {fileID: 4776542778317978313, guid: b11f1f2f0702bfa4d9aef2564f95bbb6,
    type: 3}
--- !u!136 &6864897792895405762
CapsuleCollider:
  m_ObjectHideFlags: 0
  m_CorrespondingSourceObject: {fileID: 0}
  m_PrefabInstance: {fileID: 0}
  m_PrefabAsset: {fileID: 0}
  m_GameObject: {fileID: 8651286857805074420}
  m_Material: {fileID: 0}
  m_IsTrigger: 0
  m_Enabled: 1
  m_Radius: 1.2934513
  m_Height: 2.5869026
  m_Direction: 1
  m_Center: {x: -0.13888359, y: 0.51187253, z: 0}
--- !u!1 &8706112717727296113
GameObject:
  m_ObjectHideFlags: 0
  m_CorrespondingSourceObject: {fileID: 0}
  m_PrefabInstance: {fileID: 0}
  m_PrefabAsset: {fileID: 0}
  serializedVersion: 6
  m_Component:
  - component: {fileID: 5875172243524544012}
  m_Layer: 10
  m_Name: LittleSpiderSpawnPoint (3)
  m_TagString: Untagged
  m_Icon: {fileID: 0}
  m_NavMeshLayer: 0
  m_StaticEditorFlags: 0
  m_IsActive: 1
--- !u!4 &5875172243524544012
Transform:
  m_ObjectHideFlags: 0
  m_CorrespondingSourceObject: {fileID: 0}
  m_PrefabInstance: {fileID: 0}
  m_PrefabAsset: {fileID: 0}
  m_GameObject: {fileID: 8706112717727296113}
  m_LocalRotation: {x: -0, y: -0, z: -0, w: 1}
  m_LocalPosition: {x: 0, y: 0, z: 1.1389999}
  m_LocalScale: {x: 1, y: 1, z: 1}
  m_Children: []
  m_Father: {fileID: 1291307251606481723}
  m_RootOrder: 3
  m_LocalEulerAnglesHint: {x: 0, y: 0, z: 0}
--- !u!1 &8895821290290787593
GameObject:
  m_ObjectHideFlags: 0
  m_CorrespondingSourceObject: {fileID: 0}
  m_PrefabInstance: {fileID: 0}
  m_PrefabAsset: {fileID: 0}
  serializedVersion: 6
  m_Component:
  - component: {fileID: 1561649842562958335}
  m_Layer: 10
  m_Name: LittleSpiderSpawnPoint
  m_TagString: Untagged
  m_Icon: {fileID: 0}
  m_NavMeshLayer: 0
  m_StaticEditorFlags: 0
  m_IsActive: 1
--- !u!4 &1561649842562958335
Transform:
  m_ObjectHideFlags: 0
  m_CorrespondingSourceObject: {fileID: 0}
  m_PrefabInstance: {fileID: 0}
  m_PrefabAsset: {fileID: 0}
  m_GameObject: {fileID: 8895821290290787593}
  m_LocalRotation: {x: -0, y: -0, z: -0, w: 1}
  m_LocalPosition: {x: 0.8199997, y: 0, z: 0}
  m_LocalScale: {x: 1, y: 1, z: 1}
  m_Children: []
  m_Father: {fileID: 1291307251606481723}
  m_RootOrder: 0
  m_LocalEulerAnglesHint: {x: 0, y: 0, z: 0}
--- !u!1001 &611492793576751890
PrefabInstance:
  m_ObjectHideFlags: 0
  serializedVersion: 2
  m_Modification:
    m_TransformParent: {fileID: 7819370521239649700}
    m_Modifications:
    - target: {fileID: 5792744366562842766, guid: 4e7afdf31c20ebf419ea38bf1d358719,
        type: 3}
      propertyPath: m_Name
      value: CrabMonster 1
      objectReference: {fileID: 0}
    - target: {fileID: 5794526363542072584, guid: 4e7afdf31c20ebf419ea38bf1d358719,
        type: 3}
      propertyPath: m_RootOrder
      value: 0
      objectReference: {fileID: 0}
    - target: {fileID: 5794526363542072584, guid: 4e7afdf31c20ebf419ea38bf1d358719,
        type: 3}
      propertyPath: m_LocalScale.x
      value: 0.53
      objectReference: {fileID: 0}
    - target: {fileID: 5794526363542072584, guid: 4e7afdf31c20ebf419ea38bf1d358719,
        type: 3}
      propertyPath: m_LocalScale.y
      value: 0.53
      objectReference: {fileID: 0}
    - target: {fileID: 5794526363542072584, guid: 4e7afdf31c20ebf419ea38bf1d358719,
        type: 3}
      propertyPath: m_LocalScale.z
      value: 0.53
      objectReference: {fileID: 0}
    - target: {fileID: 5794526363542072584, guid: 4e7afdf31c20ebf419ea38bf1d358719,
        type: 3}
      propertyPath: m_LocalPosition.x
      value: 0
      objectReference: {fileID: 0}
    - target: {fileID: 5794526363542072584, guid: 4e7afdf31c20ebf419ea38bf1d358719,
        type: 3}
      propertyPath: m_LocalPosition.y
      value: 0
      objectReference: {fileID: 0}
    - target: {fileID: 5794526363542072584, guid: 4e7afdf31c20ebf419ea38bf1d358719,
        type: 3}
      propertyPath: m_LocalPosition.z
      value: 0
      objectReference: {fileID: 0}
    - target: {fileID: 5794526363542072584, guid: 4e7afdf31c20ebf419ea38bf1d358719,
        type: 3}
      propertyPath: m_LocalRotation.w
      value: 1
      objectReference: {fileID: 0}
    - target: {fileID: 5794526363542072584, guid: 4e7afdf31c20ebf419ea38bf1d358719,
        type: 3}
      propertyPath: m_LocalRotation.x
      value: 0
      objectReference: {fileID: 0}
    - target: {fileID: 5794526363542072584, guid: 4e7afdf31c20ebf419ea38bf1d358719,
        type: 3}
      propertyPath: m_LocalRotation.y
      value: 0
      objectReference: {fileID: 0}
    - target: {fileID: 5794526363542072584, guid: 4e7afdf31c20ebf419ea38bf1d358719,
        type: 3}
      propertyPath: m_LocalRotation.z
      value: 0
      objectReference: {fileID: 0}
    - target: {fileID: 5794526363542072584, guid: 4e7afdf31c20ebf419ea38bf1d358719,
        type: 3}
      propertyPath: m_LocalEulerAnglesHint.x
      value: 0
      objectReference: {fileID: 0}
    - target: {fileID: 5794526363542072584, guid: 4e7afdf31c20ebf419ea38bf1d358719,
        type: 3}
      propertyPath: m_LocalEulerAnglesHint.y
      value: 0
      objectReference: {fileID: 0}
    - target: {fileID: 5794526363542072584, guid: 4e7afdf31c20ebf419ea38bf1d358719,
        type: 3}
      propertyPath: m_LocalEulerAnglesHint.z
      value: 0
      objectReference: {fileID: 0}
    m_RemovedComponents: []
  m_SourcePrefab: {fileID: 100100000, guid: 4e7afdf31c20ebf419ea38bf1d358719, type: 3}
--- !u!4 &6347329385570577946 stripped
Transform:
  m_CorrespondingSourceObject: {fileID: 5794526363542072584, guid: 4e7afdf31c20ebf419ea38bf1d358719,
    type: 3}
  m_PrefabInstance: {fileID: 611492793576751890}
  m_PrefabAsset: {fileID: 0}
--- !u!95 &6434829432342998560 stripped
Animator:
  m_CorrespondingSourceObject: {fileID: 5850578553012415794, guid: 4e7afdf31c20ebf419ea38bf1d358719,
    type: 3}
  m_PrefabInstance: {fileID: 611492793576751890}
  m_PrefabAsset: {fileID: 0}
